@book{FFT,
  Author = {K.R. Rao and Do Nyeon Kim and Jae Jeong Hwang},
  Title = {Fast Fourier Transform - Algorithms and Applications (Signals and Communication Technology)},
  Publisher = {Springer},
  Year = {2010},
  ISBN = {1402066287},
  URL = {http://www.amazon.com/Fast-Fourier-Transform-Applications-Communication/dp/1402066287%3FSubscriptionId%3D0JYN1NVW651KCA56C102%26tag%3Dtechkie-20%26linkCode%3Dxm2%26camp%3D2025%26creative%3D165953%26creativeASIN%3D1402066287}
}