@BOOK{Demtroeder:2008:Book,
	author = {Demtröder, Wolfgang},
	sortname = {Demtroeder, Wolfgang},
	year = {2008},
	title = {Experimentalphysik 1 - Mechanik und Wärme},
	edition = {5},
	isbn = {978-3-540-79294-9},
	publisher = {Springer DE},
	location = {Berlin},
}

@BOOK{Nolting:2011:Book,
	author = {Nolting, Wolfgang},
	year = {2011},
	title = {Grundkurs Theoretische Physik 1 - Klassische Mechanik},
	edition = {9},
	isbn = {978-3-642-12948-3},
	publisher = {Springer DE},
	address = {Berlin},
}

@ONLINE{IFA:Online,
	author = {Institut für Arbeitsschutz der Deutschen Gesetzlichen Unfallversicherung (IFA)},
	title = {GESTIS-Stoffdatenbank},
	url = {http://www.dguv.de/ifa/de/gestis/stoffdb/index.jsp},
	urldate = {2013-06-13},
}

@ONLINE{LP:Online,
	author = {Prior, Mira and Mann, Alexander},
	title = {Lehrportal der Georg-August-Universität Göttingen (LP)},
	subtitle = {Die Mohrsche Waage},
	url = {http://lp.uni-goettingen.de/get/text/4773},
	urldate = {2013-06-14},
}
