@BOOK{Demtroeder2008,
	AUTHOR = {Demtroeder, Wolfgang},
	YEAR = {2008},
	TITLE = {Experimentalphysik 1 - Mechanik und WÃ¤rme},
	EDITION = {},
	ISBN = {354-0-792-953-},
	PUBLISHER = {Springer DE},
	ADDRESS = {Berlin},
}
@MISC{PTB:2006:Misc,
author = {Lindau, Andreas},
title = {Gravity Information System of PTB},
month = jun,
year = {2013},
url = {http://www.ptb.de/cartoweb3/SISproject.php}
}
@BOOK{Spiegel1999,
	AUTHOR = {Spiegel, Murray R. AND Liu, John X.},
	YEAR = {1999},
	TITLE = {Mathematical Handbook of Formulas and Tables - },
	EDITION = {2nd edition},
	ISBN = {978-0-071-16765-9},
	PUBLISHER = {McGraw-Hill Education},
	ADDRESS = {New York},
}
@BOOK{Nolting2011,
	AUTHOR = {Nolting, Wolfgang},
	YEAR = {2011},
	TITLE = {Grundkurs Theoretische Physik 1 - Klassische Mechanik},
	EDITION = {},
	ISBN = {364-2-129-48X-},
	PUBLISHER = {Springer DE},
	ADDRESS = {Berlin},
}
